@book{cuccia,
	author = {C. Louis Cuccia},
	title = {Harmonics, sidebands, and transients in communication engineering: as studies by the Fourier and Laplace analysis},
	publisher = {McGraw-Hill},
	chapter = {Interpretation of distortion},
	pages = {360-365},
	year = {1952}
}

@book{termans,
	author = {Frederick Emmons Terman},
	title = {Radio engineering},
	year = {1947},
	publisher = {McGraw-Hill},
	chapter = {Loudspeaker},
	pages = {226-230, 881-882}
}

@book{hartmann,
	author = {William M. Hartmann},
	title = {Principles of Musical Acoustics},
	chapter = {Distortion and noise},
	publisher = {Springer},
	pages = {179-185},
	misc = {ISBN: 978-1-4614-6786-1},
	year = {2013}
}

@book{chargeslin,
	author = {Universal Electric Corporation},
	title = {Charges non-linéaires et harmoniques},
	url = {\url{www.uecorp.com/busway/uploads/docs/fr/UE_NeutralRatings.pdf}},
	year = {2014},
	month = {mars},
	publisher = {Starline}
}


@book{lynch,
		author = {Lynch and Truxal},
		title = {Principles of Electronic Instrumentration},
		year = {1962},
		publisher = {McGraw-Hill},
		pages = {648-679}
}

@book{marcel,
		author = {Marcel J. Van der Houst and Wouter A Serdijn and André C. Linnenbank},
		pages = {16-20},
		year = {2013},
		publisher = {Springer},
		title = {EMI-Resilient Apmlifier Circuits}
}

@book{physique,
		author = {Hugh D. Young and Roger A. Freedman},
		title = {Sears and Zemansky's University Physics with Modern Physics Technology Update},
		year = {2013},
		publisher = {Pearson Education},
		edition = {13th}
}

@book{volume,
		title = {Enceintes aux basses frequences},
		author = {J. Jouhaneau},
		publisher = {Ed. Techniques Ingénieur}
}
@book{THD,
		title = {Harmonic Effects of Power System Loads: An Experimental Study},
		author = {C. Kocatepe \and R. Yumurtaci \and O. Arikan \and M. Baysal \and B. Kekezoglu \and A. Bozkurt \and C. F. Kumru},
		url = {http://cdn.intechopen.com/pdfs-wm/44196.pdf},
		year = {2014},
		month = {mai},
		publisher = {Intech}
}