@misc{brevet1,
	author = {Donald J. Lucas and Edwin W. Rowand Jr.},
	title = {Method and apparatus for harmonic distortion correction},
	misc = {US5377092},
	year = {1994}
}

@misc{brevet2,
	author = {Ronald G. Jawernycky and Michael Z. Lowenstein and Gerald L. Park and Myron Zucker},
	title = {Apparatus for measuring harmonic distortion in a conductor, and methods of constructing and utilizing same},
	misc =  {US4818947},
	year = {1989}
}

@misc{black,
		author = {H. S. Black},
		title = {Stabilized feedback amplifiers},
		year = {1934},
		publisher = {Bell Labs Technical Journal}
}

@misc{black,
		author = {H. S. Black},
		title = {Inventing the negative feedback amplifier},
		year = {1977},
		publisher = {IEEE},
		pages = {55-60}
}	

@misc{datasheetampli,
		title = {LM380 2.5W Audio Power Amplifier},
  		url = {www.ti.com/lit/ds/symlink/lm380.pdf},
  		author = {Texas Instruments},
  		type = {Site web},
  		date = {consulté le 10/03/14}
}