@misc{correvon,
		author = {Marc Correvon},
		title = {Systèmes électroniques},
		chapter = {La réaction négative ou contre-réaction},
		school = {Institut d'Automatisation Industrielle},
		year = {},
}

@misc{sporken,
		author = {R Sporken and J.L. Longueville},
		title = {Physique des télétransmissions},
		chapter = {Contre-réaction et amplificateurs opérationnels},
		school = {Université de Namur},
		year = {2007},
		publisher = {}
}

@misc{dusausay,
		author = {S. Dusausay},
		title = {Effets de la contre réaction sur les amplificateurs},
		school = {Faculté des Sciences de Marrakech},
		year = {},
		publisher = {}
}