@book{encyclopedie,
author = {Pierre Auger},
title = {Encyclopédie internationale des sciences et des techniques: 10 volumes plus un index},
publisher = {Larousse},
pages = {536-537},
volume = {4},
chapter = {Distorsion dans les circuits électroniques},
year = {1969}
}

@book{encyclopedia,
author = {},
title = {Encyclopaedia universalis},
year = {1990},
chapter = {Distorsion},
pages = {1078}
}

@book{cuccia,
author = {C. Louis Cuccia},
title = {Harmonics, sidebands, and transients in communication engineering: as studies by the Fourier and Laplace analysis},
publisher = {McGraw-Hill},
chapter = {Interpretation of distortion},
pages = {360-365},
year = {1952}
}

@book{termans,
author = {Frederick Emmons Terman,
title = {Radio engineering},
year = {1947},
publisher = {McGraw-Hill},
chapter = {Loudspeaker},
pages = {226-230, 881-882}
}


@book{hartmann,
author = {William M. Hartmann,
title = {Principles of Musical Acoustics},
chapter = {Distortion and noise},
publisher = {Springer},
pages = {179-185},
misc = {ISBN: 978-1-4614-6786-1},
year = {2013}
}


@book{brevet1,
author = {Donald J. Lucas and Edwin W. Rowand Jr.,
title = {Method and apparatus for harmonic distortion correction},
misc = {US5377092},
year = {1994}
}

@book{brevet2,
author = {Ronald G. Jawernycky and Michael Z. Lowenstein and Gerald L. Park and Myron Zucker},
title = {Apparatus for measuring harmonic distortion in a conductor, and methods of constructing and utilizing same},
misc =  {US4818947},
year = {1989}
}
